01,WPACAU2DK,RPRS,181120,1350,01,080,,2/
02,RPRS,WPACAU2DK,1,181115,,AUD,2/
03,032000986590,AUD,010,55654257,,,015,35885090,,,045,35885090,,,400,23261444/
88,17,,100,3492277,45,/
16,699,4976639,Z,2717383,032000992229/
88,014^032000992229^WITHDRAWAL FOR 2717383 Interest on Loan,
16,699,1320313,Z,2717407,032143372609/
88,014^032143372609^WITHDRAWAL FOR 2717407 Interest on Loan,
16,699,2536031,Z,2717433,032000992296/
88,014^032000992296^WITHDRAWAL FOR 2717433 Interest on Loan,
16,699,2182517,Z,2717461,032000992245/
88,014^032000992245^WITHDRAWAL FOR 2717461 Interest on Loan,
16,699,1448142,Z,2717485,032000992253/
88,014^032000992253^WITHDRAWAL FOR 2717485 Interest on Loan,
16,699,1660495,Z,2717509,032143371358/
88,014^032143371358^WITHDRAWAL FOR 2717509 Interest on Loan,
16,699,2949206,Z,2717531,032143372596/
88,014^032143372596^WITHDRAWAL FOR 2717531 Interest on Loan,
16,699,2761061,Z,2717561,032000992288/
88,014^032000992288^WITHDRAWAL FOR 2717561 Interest on Loan,
16,699,274889,Z,2721287,032000992253/
88,014^032000992253^WITHDRAWAL FOR 2721287 Monthly Super,
16,699,244410,Z,2724899,032000992245/
88,014^032000992245^WITHDRAWAL FOR 2724899 Monthly Super,
16,699,519090,Z,2724937,032000992229/
88,014^032000992229^WITHDRAWAL FOR 2724937 Monthly Super,
16,699,374673,Z,2724969,032000992296/
88,014^032000992296^WITHDRAWAL FOR 2724969 Monthly Super,
16,699,547333,Z,2725001,032000992288/
88,014^032000992288^WITHDRAWAL FOR 2725001 Monthly Super,
16,699,195875,Z,2725033,032143372609/
88,014^032143372609^WITHDRAWAL FOR 2725033 Monthly Super,
16,699,241982,Z,2725045,032143371358/
88,014^032143371358^WITHDRAWAL FOR 2725045 Monthly Super,
16,699,798321,Z,2725079,032143372596/
88,014^032143372596^WITHDRAWAL FOR 2725079 Monthly Super,
16,699,230467,Z,2725121,032143419083/
88,014^032143419083^WITHDRAWAL FOR 2725121 Monthly Super,
16,142,995,Z,,8031947781/
88,050^032000992245^DEPOSIT AMEX GR     9.95        8031947781,
16,142,1250,Z,,0000529/
88,050^032000992296^DEPOSIT CBA                     0000529,
16,142,1365,Z,,0000354/
88,050^032143372609^DEPOSIT E A CAULFIELD           0000354,
16,142,2000,Z,,Chemist/
88,050^032143372609^DEPOSIT SAMANTHA EDSER          Chemist,
16,142,2690,Z,,8031947815/
88,050^032000992288^DEPOSIT AMEX GR    26.90        8031947815,
16,142,2810,Z,,109881/
88,050^032143372609^DEPOSIT PUBLIC TRUST            109881,
16,142,3095,Z,,8031947807/
88,050^032000992253^DEPOSIT AMEX GR    30.95        8031947807,
16,142,3195,Z,,236386JWHITE/
88,050^032000992296^DEPOSIT PROTECTIVEOFFICE        236386JWHITE,
16,142,3240,Z,,128727/
88,050^032143372596^DEPOSIT HCU                     128727,
16,142,4000,Z,,Account Payment/
88,050^032143372596^DEPOSIT MIKAELA P WAKEFI        Account Payment,
16,142,5000,Z,,0002965/
88,050^032143371358^DEPOSIT BENDIGO BANK            0002965,
16,142,6900,Z,,Ramsay No 49670/
88,050^032143372596^DEPOSIT Pamela Flindt           Ramsay No 49670,
16,142,7385,Z,,Y bickerstaff 523/
88,050^032000992229^DEPOSIT YVONNE BICKERSTA        Y bickerstaff 523,
16,142,8194,Z,,Customer No 40395/
88,050^032143372596^DEPOSIT IMB                     Customer No 40395,
16,142,11056,Z,,H Staines 0000322/
88,050^032143372609^DEPOSIT CBA                     H Staines 0000322,
16,142,12500,Z,,8031947765/
88,050^032143372596^DEPOSIT AMEX GR   125.00        8031947765,
16,142,14100,Z,,427658JDE VOS/
88,050^032143372596^DEPOSIT PROTECTIVEOFFICE        427658JDE VOS,
16,142,16220,Z,,8031904493/
88,050^032000992229^DEPOSIT AMEX GR   162.20        8031904493,
16,142,18500,Z,,732 Epipen fee/
88,050^032000992296^DEPOSIT HS Maclean              732 Epipen fee,
16,142,22595,Z,,Custno109554/
88,050^032143372596^DEPOSIT CBA                     Custno109554,
16,142,22650,Z,,141118 03333001104/
88,050^032143372609^DEPOSIT ANZ EFTPOS              141118 03333001104,
16,142,22942,Z,,Ramsay Pharmacy Sh/
88,050^032143372596^DEPOSIT ROBYN WHITE             Ramsay Pharmacy Sh,
16,142,28380,Z,,141118 03333001101/
88,050^032143372609^DEPOSIT ANZ EFTPOS              141118 03333001101,
16,142,47539,Z,,141118 03333001301/
88,050^032143371358^DEPOSIT ANZ EFTPOS              141118 03333001301,
16,142,65367,Z,,141118 03332004002/
88,050^032000992296^DEPOSIT ANZ EFTPOS              141118 03332004002,
16,142,80376,Z,,141118 03333130202/
88,050^032000992253^DEPOSIT ANZ EFTPOS              141118 03333130202,
16,142,107339,Z,,141118 03333001001/
88,050^032000992245^DEPOSIT ANZ EFTPOS              141118 03333001001,
16,142,166680,Z,,141118 03333001002/
88,050^032000992245^DEPOSIT ANZ EFTPOS              141118 03333001002,
16,142,209608,Z,,141118 03333000803/
88,050^032000992288^DEPOSIT ANZ EFTPOS              141118 03333000803,
16,142,216253,Z,,141118 03333001302/
88,050^032143371358^DEPOSIT ANZ EFTPOS              141118 03333001302,
16,142,218356,Z,,141118 03333000804/
88,050^032000992288^DEPOSIT ANZ EFTPOS              141118 03333000804,
16,142,223378,Z,,141118 03332003301/
88,050^032000992229^DEPOSIT ANZ EFTPOS              141118 03332003301,
16,142,224988,Z,,141118 03332004001/
88,050^032000992296^DEPOSIT ANZ EFTPOS              141118 03332004001,
16,142,242676,Z,,141118 03332003001/
88,050^032143372596^DEPOSIT ANZ EFTPOS              141118 03332003001,
16,175,247963,Z,,VIC/
88,050^032143371358^DEPOSIT WENDOUREE                  VIC,
16,175,252410,Z,,QLD/
88,050^032143372609^DEPOSIT GYMPIE                     QLD,
16,142,290787,Z,,141118 03332003302/
88,050^032000992229^DEPOSIT ANZ EFTPOS              141118 03332003302,
16,142,313871,Z,,S0099696-UNITING/
88,050^032143372596^DEPOSIT UNITING (NSW.ACT        S0099696-UNITING,
16,142,334124,Z,,141118 03332003002/
88,050^032143372596^DEPOSIT ANZ EFTPOS              141118 03332003002,
16,142,2001,Z,0000000,190J4046555124839S/
88,054^032143371358^DEPOSIT-PENSION CTRLINK PENSION         190J4046555124839S,
16,142,2802,Z,0000000,190K4040555125170K/
88,054^032143372596^DEPOSIT-PENSION CTRLINK PENSION         190K4040555125170K,
16,142,8802,Z,0000000,190J4046555123684S/
88,054^032000992245^DEPOSIT-PENSION CTRLINK PENSION         190J4046555123684S,
16,175,7495,Z,0000442,032000992229/
88,060^032000992229^DEPOSIT 000442,
16,175,2815,Z,0105818,032143372596/
88,060^032143372596^DEPOSIT 105818,
16,399,5585,Z,2889940,G Dobell 0005456/
88,070^032143371358^DEPOSIT ONLINE 2889940 PYMT CHERYL PRESTON     G Dobell 000,
88,5456,
49,180931879,128/
03,032134372893,AUD,010,7651585,,,015,7527249,,,045,7527249,,,400,126103,1,,100/
88,1767,1,/
16,451,126103,Z,0511480,0003168321/
88,013^^PAYMENT BY AUTHORITY TO RAMSAY PHARMACY RETAIL  SERVICES PTY LTD PAYMEN,
88,T SERVICE         0003168321,
16,399,1767,Z,3020656,/
88,050^^DEPOSIT REFUND COMVITA,
49,22961823,8/
03,033157511790,AUD,010,302184888,,,015,287352200,,,045,287352200,,,400/
88,19016455,24,,100,4183767,50,/
16,699,1554401,Z,2717065,033157535899/
88,014^033157535899^WITHDRAWAL FOR 2717065 Interest on Loan,
16,699,936290,Z,2717089,033157535901/
88,014^033157535901^WITHDRAWAL FOR 2717089 Interest on Loan,
16,699,682709,Z,2717131,033157535936/
88,014^033157535936^WITHDRAWAL FOR 2717131 Interest on Loan,
16,699,2439838,Z,2717167,033157535960/
88,014^033157535960^WITHDRAWAL FOR 2717167 Interest on Loan,
16,699,1291094,Z,2717199,033157536031/
88,014^033157536031^WITHDRAWAL FOR 2717199 Interest on Loan,
16,699,721674,Z,2717233,033157536023/
88,014^033157536023^WITHDRAWAL FOR 2717233 Interest on Loan,
16,699,461121,Z,2717253,033157535987/
88,014^033157535987^WITHDRAWAL FOR 2717253 Interest on Loan,
16,699,3097040,Z,2717281,033157535995/
88,014^033157535995^WITHDRAWAL FOR 2717281 Interest on Loan,
16,699,843992,Z,2717321,033157536007/
88,014^033157536007^WITHDRAWAL FOR 2717321 Interest on Loan,
16,699,96122,Z,2717351,033157536015/
88,014^033157536015^WITHDRAWAL FOR 2717351 Interest on Loan,
16,699,572784,Z,2719277,033157535987/
88,014^033157535987^WITHDRAWAL FOR 2719277 Monthly Super,
16,699,493306,Z,2719403,033157535960/
88,014^033157535960^WITHDRAWAL FOR 2719403 Monthly Super,
16,699,245285,Z,2719435,033157535901/
88,014^033157535901^WITHDRAWAL FOR 2719435 Monthly Super,
16,699,956476,Z,2719839,033157536074/
88,014^033157536074^WITHDRAWAL FOR 2719839 Monthly Super,
16,699,856903,Z,2720727,033157535936/
88,014^033157535936^WITHDRAWAL FOR 2720727 Monthly Super,
16,699,707170,Z,2720771,033157536007/
88,014^033157536007^WITHDRAWAL FOR 2720771 Monthly Super,
16,699,833711,Z,2720819,033157535880/
88,014^033157535880^WITHDRAWAL FOR 2720819 Monthly Super,
16,699,266280,Z,2720865,033157535928/
88,014^033157535928^WITHDRAWAL FOR 2720865 Monthly Super,
16,699,508483,Z,2720887,033157535979/
88,014^033157535979^WITHDRAWAL FOR 2720887 Monthly Super,
16,699,197739,Z,2720909,033157536015/
88,014^033157536015^WITHDRAWAL FOR 2720909 Monthly Super,
16,699,423125,Z,2721019,033157535995/
88,014^033157535995^WITHDRAWAL FOR 2721019 Monthly Super,
16,699,203488,Z,2721051,033157535899/
88,014^033157535899^WITHDRAWAL FOR 2721051 Monthly Super,
16,699,271750,Z,2721091,033157536031/
88,014^033157536031^WITHDRAWAL FOR 2721091 Monthly Super,
16,699,355674,Z,2721137,033157536023/
88,014^033157536023^WITHDRAWAL FOR 2721137 Monthly Super,
16,142,2159,Z,,MARK DEKKERS/
88,050^033157536007^DEPOSIT DR MARK DEKKERS         MARK DEKKERS,
16,142,2500,Z,,NXGJ4053302746311C/
88,050^033157535960^DEPOSIT BOSCETTI Desmond        NXGJ4053302746311C,
16,142,2595,Z,,8031369986/
88,050^033157536015^DEPOSIT AMEX GR    25.95        8031369986,
16,142,2800,Z,,8031370067/
88,050^033157536074^DEPOSIT AMEX GR    28.00        8031370067,
16,142,5000,Z,,Alfred Health/
88,050^033157536031^DEPOSIT Alfred Health           Alfred Health,
16,142,5235,Z,,Ramsay Pharmacy/
88,050^033157535960^DEPOSIT SONJA KING 182          Ramsay Pharmacy,
16,142,6393,Z,,0002679/
88,050^033157535960^DEPOSIT KATHRYN COSGRIFF        0002679,
16,142,7435,Z,,Geoff McMi:0002880/
88,050^033157535960^DEPOSIT GMCU                    Geoff McMi:0002880,
16,142,7576,Z,,8031369994/
88,050^033157535899^DEPOSIT AMEX GR    75.76        8031369994,
16,142,10000,Z,,V Paine RPFC126881/
88,050^033157535899^DEPOSIT VIOLET PAINE            V Paine RPFC126881,
16,142,10392,Z,,8031370000/
88,050^033157536007^DEPOSIT AMEX GR   103.92        8031370000,
16,142,10810,Z,,8031370075/
88,050^033157536023^DEPOSIT AMEX GR   108.10        8031370075,
16,142,11206,Z,,0000718 D ANDREW/
88,050^033157535960^DEPOSIT BENDIGO BANK            0000718 D ANDREW,
16,142,18555,Z,,8031369978/
88,050^033157536031^DEPOSIT AMEX GR   185.55        8031369978,
16,142,22475,Z,,8031370042/
88,050^033157535880^DEPOSIT AMEX GR   224.75        8031370042,
16,142,22551,Z,,8031370026/
88,050^033157535987^DEPOSIT AMEX GR   225.51        8031370026,
16,142,24197,Z,,GENESISCARE/
88,050^033157535987^DEPOSIT GENESIS CARE FIN        GENESISCARE,
16,142,31375,Z,,8031370018/
88,050^033157535936^DEPOSIT AMEX GR   313.75        8031370018,
16,142,33233,Z,,"STL:Hiles, Jeanett"/
88,050^033157535960^DEPOSIT State Trustees          STL:Hiles, Jeanett,
16,175,45000,Z,,033157536058/
88,050^033157536058^DEPOSIT BALACLAVA VIC,
16,142,46483,Z,,8031370059/
88,050^033157535995^DEPOSIT AMEX GR   464.83        8031370059,
16,142,46558,Z,,141118 03334150402/
88,050^033157535987^DEPOSIT ANZ EFTPOS              141118 03334150402,
16,175,47000,Z,,033157536031/
88,050^033157536031^DEPOSIT BALACLAVA VIC,
16,142,49915,Z,,customer 15/
88,050^033157535987^DEPOSIT MICHAEL GHUSN           customer 15,
16,142,58450,Z,,141118 03333222201/
88,050^033157536058^DEPOSIT ANZ EFTPOS              141118 03333222201,
16,142,70116,Z,,141118 03332110302/
88,050^033157535901^DEPOSIT ANZ EFTPOS              141118 03332110302,
16,142,73307,Z,,141118 03333130102/
88,050^033157535960^DEPOSIT ANZ EFTPOS              141118 03333130102,
16,142,75135,Z,,"MIA, PPH"/
88,050^033157536074^DEPOSIT IMED                    MIA, PPH,
16,142,79355,Z,,141118 03334150404/
88,050^033157535987^DEPOSIT ANZ EFTPOS              141118 03334150404,
16,142,84532,Z,,141118 03332003902/
88,050^033157535899^DEPOSIT ANZ EFTPOS              141118 03332003902,
16,142,91159,Z,,141118 03333002201/
88,050^033157536023^DEPOSIT ANZ EFTPOS              141118 03333002201,
16,142,94737,Z,,141118 03334150001/
88,050^033157535979^DEPOSIT ANZ EFTPOS              141118 03334150001,
16,142,95780,Z,,141118 03334150501/
88,050^033157536015^DEPOSIT ANZ EFTPOS              141118 03334150501,
16,142,97597,Z,,141118 03332110001/
88,050^033157535880^DEPOSIT ANZ EFTPOS              141118 03332110001,
16,142,109443,Z,,141118 03333130601/
88,050^033157536074^DEPOSIT ANZ EFTPOS              141118 03333130601,
16,142,136263,Z,,141118 03332110401/
88,050^033157535928^DEPOSIT ANZ EFTPOS              141118 03332110401,
16,142,138410,Z,,141118 03333130302/
88,050^033157536031^DEPOSIT ANZ EFTPOS              141118 03333130302,
16,142,153505,Z,,141118 03332110501/
88,050^033157535936^DEPOSIT ANZ EFTPOS              141118 03332110501,
16,142,158685,Z,,141118 03333130101/
88,050^033157535960^DEPOSIT ANZ EFTPOS              141118 03333130101,
16,142,162548,Z,,141118 03332110002/
88,050^033157535880^DEPOSIT ANZ EFTPOS              141118 03332110002,
16,142,164586,Z,,141118 03334151003/
88,050^033157536007^DEPOSIT ANZ EFTPOS              141118 03334151003,
16,142,193577,Z,,141118 03332110502/
88,050^033157535936^DEPOSIT ANZ EFTPOS              141118 03332110502,
16,142,203619,Z,,141118 03334150601/
88,050^033157535995^DEPOSIT ANZ EFTPOS              141118 03334150601,
16,175,224890,Z,,D   QLD/
88,050^033157535987^DEPOSIT BUSINESS EXPRESS DEP QLD   QLD,
16,142,254510,Z,,141118 03334150401/
88,050^033157535987^DEPOSIT ANZ EFTPOS              141118 03334150401,
16,142,281387,Z,,141118 03333002202/
88,050^033157536023^DEPOSIT ANZ EFTPOS              141118 03333002202,
16,142,336115,Z,,141118 03334150602/
88,050^033157535995^DEPOSIT ANZ EFTPOS              141118 03334150602,
16,142,374418,Z,,141118 03334151001/
88,050^033157536007^DEPOSIT ANZ EFTPOS              141118 03334151001,
16,174,100,Z,0040836,033157535899/
88,050^033157535899^DEPOSIT 0040836,
16,174,100,Z,0040836,033157535901/
88,050^033157535901^DEPOSIT 0040836,
49,923289732,151/
03,033157543354,AUD,010,38036203,,,015,38663764,,,045,38663764,,,400,3368442,6,/
88,100,3996003,58,/
16,699,679300,Z,2725833,033157556163/
88,014^033157556163^WITHDRAWAL FOR 2725833 Monthly Super,
16,699,603370,Z,2725875,033157556171/
88,014^033157556171^WITHDRAWAL FOR 2725875 Monthly Super,
16,699,578906,Z,2725919,033157556198/
88,014^033157556198^WITHDRAWAL FOR 2725919 Monthly Super,
16,699,389368,Z,2725975,033157556200/
88,014^033157556200^WITHDRAWAL FOR 2725975 Monthly Super,
16,699,386208,Z,2726013,033157582863/
88,014^033157582863^WITHDRAWAL FOR 2726013 Monthly Super,
16,699,731290,Z,2726081,033157582855/
88,014^033157582855^WITHDRAWAL FOR 2726081 Monthly Super,
16,142,300,Z,,Funds trns/
88,050^033157556171^DEPOSIT MCMAHON K               Funds trns,
16,142,1280,Z,,390851JTAYLOR/
88,050^033157556171^DEPOSIT PROTECTIVEOFFICE        390851JTAYLOR,
16,142,1620,Z,,"STL:Higgott, Trace"/
88,050^033157582855^DEPOSIT State Trustees          STL:Higgott, Trace,
16,142,1711,Z,,8031917925/
88,050^033157556198^DEPOSIT AMEX GR    17.40        8031917925,
16,142,1775,Z,,acct 0011623/
88,050^033157582855^DEPOSIT VERONICA JEWITT         acct 0011623,
16,142,2000,Z,,KIM RYDER 746/
88,050^033157556171^DEPOSIT BCC                     KIM RYDER 746,
16,142,2000,Z,,Customer 632/
88,050^033157556171^DEPOSIT BCC                     Customer 632,
16,142,2000,Z,,Susan Hayes/
88,050^033157556198^DEPOSIT Sue Hayes               Susan Hayes,
16,142,2436,Z,,033157556198/
88,050^033157556198^DEPOSIT Edge 4985,
16,142,2495,Z,,141118 03333002304/
88,050^033157582855^DEPOSIT ANZ EFTPOS              141118 03333002304,
16,142,2852,Z,,8031917883/
88,050^033157556200^DEPOSIT AMEX GR    28.99        8031917883,
16,142,3000,Z,,Dorothy Challis/
88,050^033157556198^DEPOSIT BCC                     Dorothy Challis,
16,142,3170,Z,,4732 MCIVER/
88,050^033157556198^DEPOSIT BCC                     4732 MCIVER,
16,142,3475,Z,,0000902/
88,050^033157556171^DEPOSIT BCC                     0000902,
16,142,5000,Z,,40222240S8/
88,050^033157556163^DEPOSIT J E BROOKS              40222240S8,
16,142,5000,Z,,MCKENZIE/
88,050^033157582863^DEPOSIT WAW CREDIT UNION        MCKENZIE,
16,142,5305,Z,,206403-1/
88,050^033157582863^DEPOSIT NORTHEAST HEALTH        206403-1,
16,142,5390,Z,,141118 03333002403/
88,050^033157582863^DEPOSIT ANZ EFTPOS              141118 03333002403,
16,142,5680,Z,,D Blandford 5288/
88,050^033157556198^DEPOSIT BCC                     D Blandford 5288,
16,142,5800,Z,,ramsays pharmacy c/
88,050^033157556171^DEPOSIT LEONE CALVI             ramsays pharmacy c,
16,142,6065,Z,,8032599227/
88,050^033157582863^DEPOSIT AMEX GR    60.65        8032599227,
16,142,6255,Z,,0011504 HANDCOCK/
88,050^033157582855^DEPOSIT WAW CREDIT UNION        0011504 HANDCOCK,
16,142,6950,Z,,0000902/
88,050^033157556171^DEPOSIT BCC                     0000902,
16,142,7000,Z,,Ramsay Pharmacy/
88,050^033157582855^DEPOSIT JENVEY Acc4050          Ramsay Pharmacy,
16,142,7169,Z,,0004339/
88,050^033157556198^DEPOSIT Wendy Ablett            0004339,
16,142,7692,Z,,8031917891/
88,050^033157556171^DEPOSIT AMEX GR    76.92        8031917891,
16,142,8000,Z,,0005005/
88,050^033157556198^DEPOSIT GOODWIN KN              0005005,
16,142,8240,Z,,13694000/
88,050^033157582855^DEPOSIT HEALTH DEPT VIC         13694000,
16,142,8255,Z,,JClarke-0011040/
88,050^033157582855^DEPOSIT BENDIGO BANK            JClarke-0011040,
16,142,9600,Z,,Mackenzie0005320/
88,050^033157556198^DEPOSIT ROBSN*OLIVER            Mackenzie0005320,
16,142,10285,Z,,0004966 PHARMACY/
88,050^033157582855^DEPOSIT B AND R SHEPPARD        0004966 PHARMACY,
16,142,11991,Z,,15786W1411187133/
88,050^033157556171^DEPOSIT PBS PAYMENTS            15786W1411187133,
16,142,16235,Z,,141118 03332003601/
88,050^033157556198^DEPOSIT ANZ EFTPOS              141118 03332003601,
16,142,17430,Z,,VARIOUS/
88,050^033157556198^DEPOSIT ROYAL FREEMASONS        VARIOUS,
16,142,19548,Z,,MA_V006394/
88,050^033157556198^DEPOSIT MISSION AUSTRALI        MA_V006394,
16,142,24668,Z,,0000219-10/
88,050^033157556163^DEPOSIT IMPACT                  0000219-10,
16,142,26031,Z,,CCO 0000974/
88,050^033157556171^DEPOSIT COMMUNITY CARE O        CCO 0000974,
16,142,47231,Z,,141118 03332003503/
88,050^033157556171^DEPOSIT ANZ EFTPOS              141118 03332003503,
16,142,81143,Z,,206403-MANYINVOICE/
88,050^033157582855^DEPOSIT NORTHEAST HEALTH        206403-MANYINVOICE,
16,142,92584,Z,,141118 03332003403/
88,050^033157556163^DEPOSIT ANZ EFTPOS              141118 03332003403,
16,142,97702,Z,,141118 03332003506/
88,050^033157556171^DEPOSIT ANZ EFTPOS              141118 03332003506,
16,142,103924,Z,,141118 03332003703/
88,050^033157556200^DEPOSIT ANZ EFTPOS              141118 03332003703,
16,142,135464,Z,,141118 03333002303/
88,050^033157582855^DEPOSIT ANZ EFTPOS              141118 03333002303,
16,142,137951,Z,,141118 03332003701/
88,050^033157556200^DEPOSIT ANZ EFTPOS              141118 03332003701,
16,142,158155,Z,,141118 03332003505/
88,050^033157556171^DEPOSIT ANZ EFTPOS              141118 03332003505,
16,142,158659,Z,,141118 03332003504/
88,050^033157556171^DEPOSIT ANZ EFTPOS              141118 03332003504,
16,142,165605,Z,,141118 03333002402/
88,050^033157582863^DEPOSIT ANZ EFTPOS              141118 03333002402,
16,142,197556,Z,,141118 03332003602/
88,050^033157556198^DEPOSIT ANZ EFTPOS              141118 03332003602,
16,175,201355,Z,,VIC/
88,050^033157582863^DEPOSIT WANGARATTA                 VIC,
16,175,223640,Z,,VIC/
88,050^033157582855^DEPOSIT WANGARATTA                 VIC,
16,142,225047,Z,,141118 03333002401/
88,050^033157582863^DEPOSIT ANZ EFTPOS              141118 03333002401,
16,142,243021,Z,,141118 03332003401/
88,050^033157556163^DEPOSIT ANZ EFTPOS              141118 03332003401,
16,142,246970,Z,,141118 03333002301/
88,050^033157582855^DEPOSIT ANZ EFTPOS              141118 03333002301,
16,142,313419,Z,,141118 03332003501/
88,050^033157556171^DEPOSIT ANZ EFTPOS              141118 03332003501,
16,142,337836,Z,,141118 03333002302/
88,050^033157582855^DEPOSIT ANZ EFTPOS              141118 03333002302,
16,142,553134,Z,,VARIOUS/
88,050^033157556198^DEPOSIT ROYAL FREEMASONS        VARIOUS,
16,399,6838,Z,2313442,acc.0002800/
88,070^033157556198^DEPOSIT ONLINE 2313442 PYMT KENNETH EGAN       acc.0002800,
16,399,5066,Z,2384212,0000643/
88,070^033157556171^DEPOSIT ONLINE 2384212 PYMT ELAINE LOADER      0000643,
49,130092621,131/
03,034001497325,AUD,010,53194747,,,015,41077268,,,045,41077268,,,400,13474805,4/
88,,100,1357326,12,/
16,699,4186456,Z,2717657,034001497966/
88,014^034001497966^WITHDRAWAL FOR 2717657 Interest on Loan,
16,699,7996504,Z,2717699,034001497958/
88,014^034001497958^WITHDRAWAL FOR 2717699 Interest on Loan,
16,699,803149,Z,2726865,034001497958/
88,014^034001497958^WITHDRAWAL FOR 2726865 Monthly Super,
16,699,488696,Z,2727093,034001497966/
88,014^034001497966^WITHDRAWAL FOR 2727093 Monthly Super,
16,142,3239,Z,,8031909716/
88,050^034001497966^DEPOSIT AMEX GR    32.39        8031909716,
16,142,10490,Z,,141118 03334000803/
88,050^034001497966^DEPOSIT ANZ EFTPOS              141118 03334000803,
16,142,23405,Z,,2513002549/
88,050^034001497958^DEPOSIT Curtis                  2513002549,
16,142,36283,Z,,141118 03334000802/
88,050^034001497966^DEPOSIT ANZ EFTPOS              141118 03334000802,
16,142,101278,Z,,141118 03334000701/
88,050^034001497958^DEPOSIT ANZ EFTPOS              141118 03334000701,
16,142,126971,Z,,141118 03334000801/
88,050^034001497966^DEPOSIT ANZ EFTPOS              141118 03334000801,
16,175,145310,Z,,D   QLD/
88,050^034001497958^DEPOSIT BUSINESS EXPRESS DEP QLD   QLD,
16,142,152157,Z,,141118 03334000804/
88,050^034001497966^DEPOSIT ANZ EFTPOS              141118 03334000804,
16,142,195449,Z,,141118 03334000703/
88,050^034001497958^DEPOSIT ANZ EFTPOS              141118 03334000703,
16,142,199663,Z,,141118 03334000704/
88,050^034001497958^DEPOSIT ANZ EFTPOS              141118 03334000704,
16,142,213196,Z,,141118 03334000702/
88,050^034001497958^DEPOSIT ANZ EFTPOS              141118 03334000702,
16,195,149885,Z,0497966,034001497966/
88,251^034001497966^DEPOSIT 0497966 AP 0049796600497966,
49,165013545,35/
03,034001497333,AUD,010,83414584,,,015,73324149,,,045,73324149,,,400,12051552,4/
88,,100,1961117,13,/
16,699,8766427,Z,2718181,034001497990/
88,014^034001497990^WITHDRAWAL FOR 2718181 Interest on Loan,
16,699,1624935,Z,2718227,034001498002/
88,014^034001498002^WITHDRAWAL FOR 2718227 Interest on Loan,
16,699,511207,Z,2726817,034001498002/
88,014^034001498002^WITHDRAWAL FOR 2726817 Monthly Super,
16,699,1148983,Z,2727593,034001497990/
88,014^034001497990^WITHDRAWAL FOR 2727593 Monthly Super,
16,142,12269,Z,,141118 03334001204/
88,050^034001498002^DEPOSIT ANZ EFTPOS              141118 03334001204,
16,142,14598,Z,,8031949712/
88,050^034001498002^DEPOSIT AMEX GR   145.98        8031949712,
16,142,48247,Z,,141118 03334001103/
88,050^034001497990^DEPOSIT ANZ EFTPOS              141118 03334001103,
16,142,65124,Z,,141118 03334001203/
88,050^034001498002^DEPOSIT ANZ EFTPOS              141118 03334001203,
16,175,105450,Z,,034001498002/
88,050^034001498002^DEPOSIT MAROOCHYDORE QLD,
16,142,108883,Z,,141118 03334001202/
88,050^034001498002^DEPOSIT ANZ EFTPOS              141118 03334001202,
16,175,126665,Z,,D   QLD/
88,050^034001498002^DEPOSIT BUSINESS EXPRESS DEP QLD   QLD,
16,142,169745,Z,,141118 03334001104/
88,050^034001497990^DEPOSIT ANZ EFTPOS              141118 03334001104,
16,142,187295,Z,,141118 03334001101/
88,050^034001497990^DEPOSIT ANZ EFTPOS              141118 03334001101,
16,142,219718,Z,,141118 03334001201/
88,050^034001498002^DEPOSIT ANZ EFTPOS              141118 03334001201,
16,142,241273,Z,,141118 03334001105/
88,050^034001497990^DEPOSIT ANZ EFTPOS              141118 03334001105,
16,142,256640,Z,,141118 03334001102/
88,050^034001497990^DEPOSIT ANZ EFTPOS              141118 03334001102,
16,142,405210,Z,,8031908130/
88,050^034001497990^DEPOSIT AMEX GR  4052.10        8031908130,
49,258088220,37/
03,034001497341,AUD,010,43756089,,,015,35101742,,,045,35101742,,,400,10347391,5/
88,,100,1693044,14,/
16,699,4034171,Z,2718489,034001498010/
88,014^034001498010^WITHDRAWAL FOR 2718489 Interest on Loan,
16,699,5135602,Z,2718547,034001498029/
88,014^034001498029^WITHDRAWAL FOR 2718547 Interest on Loan,
16,699,647646,Z,2726983,034001498029/
88,014^034001498029^WITHDRAWAL FOR 2726983 Monthly Super,
16,699,480207,Z,2727129,034001498010/
88,014^034001498010^WITHDRAWAL FOR 2727129 Monthly Super,
16,699,49765,Z,2727173,034001545470/
88,014^034001545470^WITHDRAWAL FOR 2727173 Monthly Super,
16,142,640,Z,,8031883721/
88,050^034001498029^DEPOSIT AMEX GR     6.40        8031883721,
16,142,12286,Z,,8031910508/
88,050^034001498010^DEPOSIT AMEX GR   122.86        8031910508,
16,142,30885,Z,,141118 03334001304/
88,050^034001498010^DEPOSIT ANZ EFTPOS              141118 03334001304,
16,142,31297,Z,,141118 03334001403/
88,050^034001498029^DEPOSIT ANZ EFTPOS              141118 03334001403,
16,142,52959,Z,,141118 03334002601/
88,050^034001545470^DEPOSIT ANZ EFTPOS              141118 03334002601,
16,142,120533,Z,,141118 03334001302/
88,050^034001498010^DEPOSIT ANZ EFTPOS              141118 03334001302,
16,142,176797,Z,,141118 03334001401/
88,050^034001498029^DEPOSIT ANZ EFTPOS              141118 03334001401,
16,142,201332,Z,,141118 03334001301/
88,050^034001498010^DEPOSIT ANZ EFTPOS              141118 03334001301,
16,142,216349,Z,,141118 03334001404/
88,050^034001498029^DEPOSIT ANZ EFTPOS              141118 03334001404,
16,142,272178,Z,,141118 03334001303/
88,050^034001498010^DEPOSIT ANZ EFTPOS              141118 03334001303,
16,142,290338,Z,,141118 03334001402/
88,050^034001498029^DEPOSIT ANZ EFTPOS              141118 03334001402,
16,175,111795,Z,0141118,034001498010/
88,060^034001498010^DEPOSIT 141118,
16,175,168390,Z,0141118,034001498029/
88,060^034001498029^DEPOSIT 141118,
16,399,7265,Z,2073283,3106121 M J PEDLER/
88,070^034001498029^DEPOSIT ONLINE 2073283 PYMT M J PEDLER         3106121 M J ,
88,PEDLER,
49,138040443,42/
03,034001497376,AUD,010,131527808,,,015,124654393,,,045,124654393,,,400/
88,10495916,7,,100,3622501,24,/
16,699,5202942,Z,2718319,034001498037/
88,014^034001498037^WITHDRAWAL FOR 2718319 Interest on Loan,
16,699,716267,Z,2718399,034001498053/
88,014^034001498053^WITHDRAWAL FOR 2718399 Interest on Loan,
16,699,2383102,Z,2718457,034001498061/
88,014^034001498061^WITHDRAWAL FOR 2718457 Interest on Loan,
16,699,699659,Z,2727239,034001498045/
88,014^034001498045^WITHDRAWAL FOR 2727239 Monthly Super,
16,699,222322,Z,2727277,034001498061/
88,014^034001498061^WITHDRAWAL FOR 2727277 Monthly Super,
16,699,412060,Z,2727465,034001498053/
88,014^034001498053^WITHDRAWAL FOR 2727465 Monthly Super,
16,699,859564,Z,2727497,034001498037/
88,014^034001498037^WITHDRAWAL FOR 2727497 Monthly Super,
16,142,1200,Z,,2533001149/
88,050^034001498061^DEPOSIT DOUGLAS BRUCE GR        2533001149,
16,142,2999,Z,,141118 03334001605/
88,050^034001498045^DEPOSIT ANZ EFTPOS              141118 03334001605,
16,142,4000,Z,,509878 DEBT/
88,050^034001498053^DEPOSIT PUBLIC TRUST            509878 DEBT,
16,142,5685,Z,,8032082547/
88,050^034001498053^DEPOSIT AMEX GR    56.85        8032082547,
16,142,13081,Z,,34219B1411187133/
88,050^034001498037^DEPOSIT PBS PAYMENTS            34219B1411187133,
16,142,24665,Z,,8032082554/
88,050^034001498061^DEPOSIT AMEX GR   246.65        8032082554,
16,142,47370,Z,,141118 03334001604/
88,050^034001498045^DEPOSIT ANZ EFTPOS              141118 03334001604,
16,175,55895,Z,,D   QLD/
88,050^034001498053^DEPOSIT BUSINESS EXPRESS DEP QLD   QLD,
16,142,59025,Z,,141118 03334001701/
88,050^034001498053^DEPOSIT ANZ EFTPOS              141118 03334001701,
16,142,91633,Z,,8031911803/
88,050^034001498037^DEPOSIT AMEX GR   916.33        8031911803,
16,142,108585,Z,,141118 03334001702/
88,050^034001498053^DEPOSIT ANZ EFTPOS              141118 03334001702,
16,142,141116,Z,,141118 03334001603/
88,050^034001498045^DEPOSIT ANZ EFTPOS              141118 03334001603,
16,175,191220,Z,,D   QLD/
88,050^034001498037^DEPOSIT BUSINESS EXPRESS DEP QLD   QLD,
16,142,206053,Z,,141118 03334001802/
88,050^034001498061^DEPOSIT ANZ EFTPOS              141118 03334001802,
16,142,224445,Z,,141118 03334001801/
88,050^034001498061^DEPOSIT ANZ EFTPOS              141118 03334001801,
16,142,225190,Z,,141118 03334001503/
88,050^034001498037^DEPOSIT ANZ EFTPOS              141118 03334001503,
16,142,274849,Z,,141118 03334001602/
88,050^034001498045^DEPOSIT ANZ EFTPOS              141118 03334001602,
16,142,292770,Z,,AIDACARE PTY LTD/
88,050^034001498045^DEPOSIT AIDACARE PTY LTD        AIDACARE PTY LTD,
16,142,299658,Z,,141118 03334001504/
88,050^034001498037^DEPOSIT ANZ EFTPOS              141118 03334001504,
16,142,313985,Z,,141118 03334001501/
88,050^034001498037^DEPOSIT ANZ EFTPOS              141118 03334001501,
16,142,325064,Z,,141118 03334001601/
88,050^034001498045^DEPOSIT ANZ EFTPOS              141118 03334001601,
16,142,360683,Z,,141118 03334001502/
88,050^034001498037^DEPOSIT ANZ EFTPOS              141118 03334001502,
16,175,66435,Z,0041118,034001498061/
88,060^034001498061^DEPOSIT 041118,
16,195,286895,Z,0498045,034001498045/
88,251^034001498045^DEPOSIT 0498045 AP 0049804500498045,
49,409073428,65/
03,034001497392,AUD,010,98746849,,,015,96467797,,,045,96467797,,,400,4238193,3,/
88,100,1959141,12,/
16,699,3070589,Z,2718287,034001498088/
88,014^034001498088^WITHDRAWAL FOR 2718287 Interest on Loan,
16,699,515529,Z,2727553,034001498088/
88,014^034001498088^WITHDRAWAL FOR 2727553 Monthly Super,
16,699,652075,Z,2727691,034001498096/
88,014^034001498096^WITHDRAWAL FOR 2727691 Monthly Super,
16,142,4810,Z,,8031908171/
88,050^034001498088^DEPOSIT AMEX GR    48.10        8031908171,
16,142,8069,Z,,Account No:58/
88,050^034001498096^DEPOSIT ENDODONTICS ONLY        Account No:58,
16,142,23556,Z,,8031949761/
88,050^034001498096^DEPOSIT AMEX GR   235.56        8031949761,
16,142,110256,Z,,RoyalPay1115QSMO/
88,050^034001498096^DEPOSIT Tunnel Show Pty         RoyalPay1115QSMO,
16,175,135870,Z,,D   QLD/
88,050^034001498088^DEPOSIT BUSINESS EXPRESS DEP QLD   QLD,
16,142,141659,Z,,141118 03334001901/
88,050^034001498096^DEPOSIT ANZ EFTPOS              141118 03334001901,
16,142,180193,Z,,141118 03334000602/
88,050^034001498088^DEPOSIT ANZ EFTPOS              141118 03334000602,
16,142,242110,Z,,141118 03334001904/
88,050^034001498096^DEPOSIT ANZ EFTPOS              141118 03334001904,
16,142,252195,Z,,141118 03334000601/
88,050^034001498088^DEPOSIT ANZ EFTPOS              141118 03334000601,
16,142,265834,Z,,141118 03334001902/
88,050^034001498096^DEPOSIT ANZ EFTPOS              141118 03334001902,
16,175,289000,Z,,D   QLD/
88,050^034001498096^DEPOSIT BUSINESS EXPRESS DEP QLD   QLD,
16,142,305589,Z,,141118 03334001903/
88,050^034001498096^DEPOSIT ANZ EFTPOS              141118 03334001903,
49,304077111,33/
03,034001497405,AUD,010,38341139,,,015,38409808,,,045,38409808,,,400,1268522,1,/
88,100,1337191,10,/
16,699,1268522,Z,2727649,034001498109/
88,014^034001498109^WITHDRAWAL FOR 2727649 Monthly Super,
16,142,1695,Z,,960642/
88,050^034001498109^DEPOSIT Brenda Gorham           960642,
16,142,4000,Z,,B and R Edward/
88,050^034001498109^DEPOSIT BRUCE EDWARD            B and R Edward,
16,142,5500,Z,,A V STUART/
88,050^034001498109^DEPOSIT STUART                  A V STUART,
16,142,5975,Z,,973524Dean/
88,050^034001498109^DEPOSIT BORTON SL*RJ            973524Dean,
16,142,32875,Z,,932214/
88,050^034001498109^DEPOSIT PUBLIC TRUST            932214,
16,142,181979,Z,,141118 03334002002/
88,050^034001498109^DEPOSIT ANZ EFTPOS              141118 03334002002,
16,142,218832,Z,,141118 03334002003/
88,050^034001498109^DEPOSIT ANZ EFTPOS              141118 03334002003,
16,142,224315,Z,,141118 03334002001/
88,050^034001498109^DEPOSIT ANZ EFTPOS              141118 03334002001,
16,142,228975,Z,,141118 03334002004/
88,050^034001498109^DEPOSIT ANZ EFTPOS              141118 03334002004,
16,175,433045,Z,,D   QLD/
88,050^034001498109^DEPOSIT BUSINESS EXPRESS DEP QLD   QLD,
49,120372181,25/
03,034001497421,AUD,010,27694604,,,015,28061423,,,045,28061423,,,400,1133320,2,/
88,100,1500139,15,/
16,699,622111,Z,2726913,034001498125/
88,014^034001498125^WITHDRAWAL FOR 2726913 Monthly Super,
16,699,511209,Z,2727207,034001498117/
88,014^034001498117^WITHDRAWAL FOR 2727207 Monthly Super,
16,142,1390,Z,,8031949720/
88,050^034001498125^DEPOSIT AMEX GR    13.90        8031949720,
16,142,2895,Z,,1700125 MaloufsCSM/
88,050^034001498125^DEPOSIT CHANNON ST MEDIC        1700125 MaloufsCSM,
16,142,3190,Z,,5CPA Ref 761623/
88,050^034001498117^DEPOSIT PHARMACY GUILD          5CPA Ref 761623,
16,142,18825,Z,,ANGLICARE SQ/
88,050^034001498125^DEPOSIT Anglican BNE            ANGLICARE SQ,
16,142,30890,Z,,141118 03334002202/
88,050^034001498125^DEPOSIT ANZ EFTPOS              141118 03334002202,
16,142,44440,Z,,141118 03334002103/
88,050^034001498117^DEPOSIT ANZ EFTPOS              141118 03334002103,
16,142,70265,Z,,141118 03334002205/
88,050^034001498125^DEPOSIT ANZ EFTPOS              141118 03334002205,
16,142,112480,Z,,141118 03334002201/
88,050^034001498125^DEPOSIT ANZ EFTPOS              141118 03334002201,
16,142,120889,Z,,141118 03334002203/
88,050^034001498125^DEPOSIT ANZ EFTPOS              141118 03334002203,
16,142,142479,Z,,141118 03334002204/
88,050^034001498125^DEPOSIT ANZ EFTPOS              141118 03334002204,
16,142,157368,Z,,141118 03334002104/
88,050^034001498117^DEPOSIT ANZ EFTPOS              141118 03334002104,
16,175,161800,Z,,034001498117/
88,050^034001498117^DEPOSIT GYMPIE QLD,
16,142,197328,Z,,141118 03334002101/
88,050^034001498117^DEPOSIT ANZ EFTPOS              141118 03334002101,
16,175,202592,Z,,QLD/
88,050^034001498125^DEPOSIT GYMPIE                     QLD,
16,142,233308,Z,,141118 03334002102/
88,050^034001498117^DEPOSIT ANZ EFTPOS              141118 03334002102,
49,89084368,37/
03,034001497448,AUD,010,60307368,,,015,60710871,,,045,60710871,,,400,1310689,2,/
88,100,1714192,9,/
16,699,1199641,Z,2727017,034001498133/
88,014^034001498133^WITHDRAWAL FOR 2727017 Monthly Super,
16,699,111048,Z,2727041,034001545462/
88,014^034001545462^WITHDRAWAL FOR 2727041 Monthly Super,
16,142,5670,Z,,8031907892/
88,050^034001498133^DEPOSIT AMEX GR    56.70        8031907892,
16,142,9625,Z,,ACCOUNT MALOUF/
88,050^034001498133^DEPOSIT REF 2430759             ACCOUNT MALOUF,
16,142,17391,Z,,141118 03334002303/
88,050^034001498133^DEPOSIT ANZ EFTPOS              141118 03334002303,
16,142,139158,Z,,141118 03334002304/
88,050^034001498133^DEPOSIT ANZ EFTPOS              141118 03334002304,
16,142,177785,Z,,141118 03334002502/
88,050^034001545462^DEPOSIT ANZ EFTPOS              141118 03334002502,
16,142,222257,Z,,005200206262 NQLD/
88,050^034001498133^DEPOSIT NDIS QLD PAYMENT        005200206262 NQLD,
16,175,230940,Z,,QLD/
88,050^034001498133^DEPOSIT CLIFFORD GARDENS           QLD,
16,142,386760,Z,,141118 03334002302/
88,050^034001498133^DEPOSIT ANZ EFTPOS              141118 03334002302,
16,142,524606,Z,,141118 03334002301/
88,050^034001498133^DEPOSIT ANZ EFTPOS              141118 03334002301,
49,187778872,25/
03,034001497472,AUD,010,33597067,,,015,30018624,,,045,30018624,,,400,5304379,4,/
88,100,1725936,14,/
16,699,1707714,Z,2717597,034001497974/
88,014^034001497974^WITHDRAWAL FOR 2717597 Interest on Loan,
16,699,2325194,Z,2717615,034001497982/
88,014^034001497982^WITHDRAWAL FOR 2717615 Interest on Loan,
16,699,478033,Z,2726515,034001497974/
88,014^034001497974^WITHDRAWAL FOR 2726515 Monthly Super,
16,699,793438,Z,2726569,034001497982/
88,014^034001497982^WITHDRAWAL FOR 2726569 Monthly Super,
16,142,4940,Z,,Ref 1108987/
88,050^034001497974^DEPOSIT John Hourigan           Ref 1108987,
16,142,15146,Z,,8031908437/
88,050^034001497974^DEPOSIT AMEX GR   151.46        8031908437,
16,142,61380,Z,,141118 03334000901/
88,050^034001497974^DEPOSIT ANZ EFTPOS              141118 03334000901,
16,142,85585,Z,,8031949753/
88,050^034001497982^DEPOSIT AMEX GR   855.85        8031949753,
16,175,101860,Z,,034001497974/
88,050^034001497974^DEPOSIT CLEVELAND QLD,
16,142,108248,Z,,141118 03334001005/
88,050^034001497982^DEPOSIT ANZ EFTPOS              141118 03334001005,
16,142,111285,Z,,141118 03334001003/
88,050^034001497982^DEPOSIT ANZ EFTPOS              141118 03334001003,
16,175,123140,Z,,034001497974/
88,050^034001497974^DEPOSIT CLEVELAND QLD,
16,142,132071,Z,,141118 03334000902/
88,050^034001497974^DEPOSIT ANZ EFTPOS              141118 03334000902,
16,142,148179,Z,,141118 03334000903/
88,050^034001497974^DEPOSIT ANZ EFTPOS              141118 03334000903,
16,142,166442,Z,,141118 03334001002/
88,050^034001497982^DEPOSIT ANZ EFTPOS              141118 03334001002,
16,142,175477,Z,,141118 03334001001/
88,050^034001497982^DEPOSIT ANZ EFTPOS              141118 03334001001,
16,142,224923,Z,,141118 03334001004/
88,050^034001497982^DEPOSIT ANZ EFTPOS              141118 03334001004,
16,175,267260,Z,,034001497982/
88,050^034001497982^DEPOSIT CLEVELAND QLD,
49,107694945,39/
03,034001508717,AUD,010,13753085,,,015,13675765,,,045,13675765,,,400,2611429,8,/
88,100,2534109,46,/
16,699,131452,Z,2726127,034001508856/
88,014^034001508856^WITHDRAWAL FOR 2726127 Monthly Super,
16,699,371069,Z,2726145,034001508821/
88,014^034001508821^WITHDRAWAL FOR 2726145 Monthly Super,
16,699,107128,Z,2726173,034001508848/
88,014^034001508848^WITHDRAWAL FOR 2726173 Monthly Super,
16,699,933178,Z,2726237,034001508813/
88,014^034001508813^WITHDRAWAL FOR 2726237 Monthly Super,
16,699,393960,Z,2726325,034001508872/
88,014^034001508872^WITHDRAWAL FOR 2726325 Monthly Super,
16,699,35757,Z,2726355,034001508880/
88,014^034001508880^WITHDRAWAL FOR 2726355 Monthly Super,
16,699,223853,Z,2726381,034001508864/
88,014^034001508864^WITHDRAWAL FOR 2726381 Monthly Super,
16,699,415032,Z,2726407,034001508899/
88,014^034001508899^WITHDRAWAL FOR 2726407 Monthly Super,
16,142,1880,Z,,jean Ignace phar/
88,050^034001508813^DEPOSIT CBA                     jean Ignace phar,
16,142,2160,Z,,N YOUNG 3161/
88,050^034001508813^DEPOSIT N YOUNG 3161            N YOUNG 3161,
16,142,2314,Z,,8031314123/
88,050^034001508848^DEPOSIT AMEX GR    23.14        8031314123,
16,142,2700,Z,,H McNeilly/
88,050^034001508813^DEPOSIT G L GOODWIN & L         H McNeilly,
16,142,2925,Z,,8031313273/
88,050^034001508821^DEPOSIT AMEX GR    29.89        8031313273,
16,142,3240,Z,,#0002587 CUNINGHAM/
88,050^034001508813^DEPOSIT BENDIGO BANK            #0002587 CUNINGHAM,
16,142,3395,Z,,0003150 Tu Truong/
88,050^034001508813^DEPOSIT CBA                     0003150 Tu Truong,
16,142,3415,Z,,372954DWILSON/
88,050^034001508880^DEPOSIT PROTECTIVEOFFICE        372954DWILSON,
16,142,3880,Z,,S Kelly Ac 0003113/
88,050^034001508813^DEPOSIT CBA                     S Kelly Ac 0003113,
16,142,4695,Z,,J Burnett/
88,050^034001508880^DEPOSIT BURNETT                 J Burnett,
16,142,7150,Z,,Asna/
88,050^034001508813^DEPOSIT ROMAN KOGAN             Asna,
16,142,7475,Z,,8031313406/
88,050^034001508864^DEPOSIT AMEX GR    74.75        8031313406,
16,142,9320,Z,,Wendt STM 22/
88,050^034001508880^DEPOSIT MARGARET C SHANK        Wendt STM 22,
16,175,9500,Z,,034001508813/
88,050^034001508813^DEPOSIT CARNEGIE VIC,
16,142,9845,Z,,0003565 Ramsay/
88,050^034001508813^DEPOSIT FRANCES SCOTT           0003565 Ramsay,
16,142,10435,Z,,Mums Chemist/
88,050^034001508813^DEPOSIT CBA                     Mums Chemist,
16,142,12174,Z,,J Upston 0003598/
88,050^034001508813^DEPOSIT BENDIGO BANK            J Upston 0003598,
16,142,14579,Z,,8031314677/
88,050^034001508813^DEPOSIT AMEX GR   145.79        8031314677,
16,142,14881,Z,,0002833ThanThiLe/
88,050^034001508813^DEPOSIT CHINH BUI               0002833ThanThiLe,
16,142,17230,Z,,Ada Wang 0003568/
88,050^034001508813^DEPOSIT KAH NG                  Ada Wang 0003568,
16,175,19000,Z,,034001508813/
88,050^034001508813^DEPOSIT CARNEGIE VIC,
16,142,19158,Z,,Grant 798/
88,050^034001508880^DEPOSIT CBA                     Grant 798,
16,142,21244,Z,,STATEMENT NO 69/
88,050^034001508813^DEPOSIT LOLA MIDDLETON          STATEMENT NO 69,
16,142,35403,Z,,8031313323/
88,050^034001508899^DEPOSIT AMEX GR   361.79        8031313323,
16,175,46000,Z,,034001508813/
88,050^034001508813^DEPOSIT CARNEGIE VIC,
16,142,47778,Z,,141118 03334151501/
88,050^034001508821^DEPOSIT ANZ EFTPOS              141118 03334151501,
16,142,50570,Z,,141118 03332140801/
88,050^034001508880^DEPOSIT ANZ EFTPOS              141118 03332140801,
16,175,54180,Z,,VIC/
88,050^034001508813^DEPOSIT CARNEGIE                   VIC,
16,142,60000,Z,,034001508813/
88,050^034001508813^DEPOSIT PATRICIA ANN REI,
16,175,63574,Z,,VIC/
88,050^034001508813^DEPOSIT CARNEGIE                   VIC,
16,142,72810,Z,,141118 03332004201/
88,050^034001508899^DEPOSIT ANZ EFTPOS              141118 03332004201,
16,142,100949,Z,,141118 03332110602/
88,050^034001508856^DEPOSIT ANZ EFTPOS              141118 03332110602,
16,142,121793,Z,,141118 03333130802/
88,050^034001508813^DEPOSIT ANZ EFTPOS              141118 03333130802,
16,142,122375,Z,,141118 03332110901/
88,050^034001508872^DEPOSIT ANZ EFTPOS              141118 03332110901,
16,142,131642,Z,,141118 03332110902/
88,050^034001508872^DEPOSIT ANZ EFTPOS              141118 03332110902,
16,142,142686,Z,,141118 03334150701/
88,050^034001508848^DEPOSIT ANZ EFTPOS              141118 03334150701,
16,142,191971,Z,,141118 03332004101/
88,050^034001508864^DEPOSIT ANZ EFTPOS              141118 03332004101,
16,142,298797,Z,,141118 03334151502/
88,050^034001508821^DEPOSIT ANZ EFTPOS              141118 03334151502,
16,142,502901,Z,,141118 03332004202/
88,050^034001508899^DEPOSIT ANZ EFTPOS              141118 03332004202,
16,175,600,Z,0492131,034001508813/
88,060^034001508813^DEPOSIT 492131,
16,399,1680,Z,2722578,034001508813/
88,070^034001508813^DEPOSIT ONLINE 2722578 PYMT PHUOC DUONG,
16,399,8160,Z,2923206,Dot Gillis/
88,070^034001508813^DEPOSIT ONLINE 2923206 PYMT IAN GILLIS         Dot Gillis,
16,195,92700,Z,0508872,034001508872/
88,251^034001508872^DEPOSIT 0508872 AP 0050887200508872,
16,195,108220,Z,0508872,034001508872/
88,251^034001508872^DEPOSIT 0508872 AP 0050887200508872,
16,195,37630,Z,0508880,034001508880/
88,251^034001508880^DEPOSIT 0508880 AP 0050888000508880,
16,195,39095,Z,0508880,034001508880/
88,251^034001508880^DEPOSIT 0508880 AP 0050888000508880,
49,51395691,111/
98,3087894859,14,869/
99,3087894859,1,871/
