01,WPACAU2DK,RPRS,181120,1350,01,080,,2/
02,RPRS,WPACAU2DK,1,181115,,AUD,2/
03,032000986590,AUD,010,55654257,,,015,35885090,,,045,35885090,,,400,23261444/
88,17,,100,3492277,45,/
16,699,4976639,Z,2717383,032000992229/
88,014^032000992229^WITHDRAWAL FOR 2717383 Interest on Loan,
16,699,1320313,Z,2717407,032143372609/
88,014^032143372609^WITHDRAWAL FOR 2717407 Interest on Loan,
16,699,2536031,Z,2717433,032000992296/
88,014^032000992296^WITHDRAWAL FOR 2717433 Interest on Loan,
16,699,2182517,Z,2717461,032000992245/
88,014^032000992245^WITHDRAWAL FOR 2717461 Interest on Loan,
16,699,1448142,Z,2717485,032000992253/
88,014^032000992253^WITHDRAWAL FOR 2717485 Interest on Loan,
16,699,1660495,Z,2717509,032143371358/
88,014^032143371358^WITHDRAWAL FOR 2717509 Interest on Loan,
16,699,2949206,Z,2717531,032143372596/
88,014^032143372596^WITHDRAWAL FOR 2717531 Interest on Loan,
16,699,2761061,Z,2717561,032000992288/
88,014^032000992288^WITHDRAWAL FOR 2717561 Interest on Loan,
16,699,274889,Z,2721287,032000992253/
88,014^032000992253^WITHDRAWAL FOR 2721287 Monthly Super,
16,699,244410,Z,2724899,032000992245/
88,014^032000992245^WITHDRAWAL FOR 2724899 Monthly Super,
16,699,519090,Z,2724937,032000992229/
88,014^032000992229^WITHDRAWAL FOR 2724937 Monthly Super,
16,699,374673,Z,2724969,032000992296/
88,014^032000992296^WITHDRAWAL FOR 2724969 Monthly Super,
16,699,547333,Z,2725001,032000992288/
88,014^032000992288^WITHDRAWAL FOR 2725001 Monthly Super,
16,699,195875,Z,2725033,032143372609/
88,014^032143372609^WITHDRAWAL FOR 2725033 Monthly Super,
16,699,241982,Z,2725045,032143371358/
88,014^032143371358^WITHDRAWAL FOR 2725045 Monthly Super,
16,699,798321,Z,2725079,032143372596/
88,014^032143372596^WITHDRAWAL FOR 2725079 Monthly Super,
16,699,230467,Z,2725121,032143419083/
88,014^032143419083^WITHDRAWAL FOR 2725121 Monthly Super,
16,142,995,Z,,8031947781/
88,050^032000992245^DEPOSIT AMEX GR     9.95        8031947781,
16,142,1250,Z,,0000529/
88,050^032000992296^DEPOSIT CBA                     0000529,
16,142,1365,Z,,0000354/
88,050^032143372609^DEPOSIT E A CAULFIELD           0000354,
16,142,2000,Z,,Chemist/
88,050^032143372609^DEPOSIT SAMANTHA EDSER          Chemist,
16,142,2690,Z,,8031947815/
88,050^032000992288^DEPOSIT AMEX GR    26.90        8031947815,
16,142,2810,Z,,109881/
88,050^032143372609^DEPOSIT PUBLIC TRUST            109881,
16,142,3095,Z,,8031947807/
88,050^032000992253^DEPOSIT AMEX GR    30.95        8031947807,
16,142,3195,Z,,236386JWHITE/
88,050^032000992296^DEPOSIT PROTECTIVEOFFICE        236386JWHITE,
16,142,3240,Z,,128727/
88,050^032143372596^DEPOSIT HCU                     128727,
16,142,4000,Z,,Account Payment/
88,050^032143372596^DEPOSIT MIKAELA P WAKEFI        Account Payment,
16,142,5000,Z,,0002965/
88,050^032143371358^DEPOSIT BENDIGO BANK            0002965,
16,142,6900,Z,,Ramsay No 49670/
88,050^032143372596^DEPOSIT Pamela Flindt           Ramsay No 49670,
16,142,7385,Z,,Y bickerstaff 523/
88,050^032000992229^DEPOSIT YVONNE BICKERSTA        Y bickerstaff 523,
16,142,8194,Z,,Customer No 40395/
88,050^032143372596^DEPOSIT IMB                     Customer No 40395,
16,142,11056,Z,,H Staines 0000322/
88,050^032143372609^DEPOSIT CBA                     H Staines 0000322,
16,142,12500,Z,,8031947765/
88,050^032143372596^DEPOSIT AMEX GR   125.00        8031947765,
16,142,14100,Z,,427658JDE VOS/
88,050^032143372596^DEPOSIT PROTECTIVEOFFICE        427658JDE VOS,
16,142,16220,Z,,8031904493/
88,050^032000992229^DEPOSIT AMEX GR   162.20        8031904493,
16,142,18500,Z,,732 Epipen fee/
88,050^032000992296^DEPOSIT HS Maclean              732 Epipen fee,
16,142,22595,Z,,Custno109554/
88,050^032143372596^DEPOSIT CBA                     Custno109554,
16,142,22650,Z,,141118 03333001104/
88,050^032143372609^DEPOSIT ANZ EFTPOS              141118 03333001104,
16,142,22942,Z,,Ramsay Pharmacy Sh/
88,050^032143372596^DEPOSIT ROBYN WHITE             Ramsay Pharmacy Sh,
16,142,28380,Z,,141118 03333001101/
88,050^032143372609^DEPOSIT ANZ EFTPOS              141118 03333001101,
16,142,47539,Z,,141118 03333001301/
88,050^032143371358^DEPOSIT ANZ EFTPOS              141118 03333001301,
16,142,65367,Z,,141118 03332004002/
88,050^032000992296^DEPOSIT ANZ EFTPOS              141118 03332004002,
16,142,80376,Z,,141118 03333130202/
88,050^032000992253^DEPOSIT ANZ EFTPOS              141118 03333130202,
16,142,107339,Z,,141118 03333001001/
88,050^032000992245^DEPOSIT ANZ EFTPOS              141118 03333001001,
16,142,166680,Z,,141118 03333001002/
88,050^032000992245^DEPOSIT ANZ EFTPOS              141118 03333001002,
16,142,209608,Z,,141118 03333000803/
88,050^032000992288^DEPOSIT ANZ EFTPOS              141118 03333000803,
16,142,216253,Z,,141118 03333001302/
88,050^032143371358^DEPOSIT ANZ EFTPOS              141118 03333001302,
16,142,218356,Z,,141118 03333000804/
88,050^032000992288^DEPOSIT ANZ EFTPOS              141118 03333000804,
16,142,223378,Z,,141118 03332003301/
88,050^032000992229^DEPOSIT ANZ EFTPOS              141118 03332003301,
16,142,224988,Z,,141118 03332004001/
88,050^032000992296^DEPOSIT ANZ EFTPOS              141118 03332004001,
16,142,242676,Z,,141118 03332003001/
88,050^032143372596^DEPOSIT ANZ EFTPOS              141118 03332003001,
16,175,247963,Z,,VIC/
88,050^032143371358^DEPOSIT WENDOUREE                  VIC,
16,175,252410,Z,,QLD/
88,050^032143372609^DEPOSIT GYMPIE                     QLD,
16,142,290787,Z,,141118 03332003302/
88,050^032000992229^DEPOSIT ANZ EFTPOS              141118 03332003302,
16,142,313871,Z,,S0099696-UNITING/
88,050^032143372596^DEPOSIT UNITING (NSW.ACT        S0099696-UNITING,
16,142,334124,Z,,141118 03332003002/
88,050^032143372596^DEPOSIT ANZ EFTPOS              141118 03332003002,
16,142,2001,Z,0000000,190J4046555124839S/
88,054^032143371358^DEPOSIT-PENSION CTRLINK PENSION         190J4046555124839S,
16,142,2802,Z,0000000,190K4040555125170K/
88,054^032143372596^DEPOSIT-PENSION CTRLINK PENSION         190K4040555125170K,
16,142,8802,Z,0000000,190J4046555123684S/
88,054^032000992245^DEPOSIT-PENSION CTRLINK PENSION         190J4046555123684S,
16,175,7495,Z,0000442,032000992229/
88,060^032000992229^DEPOSIT 000442,
16,175,2815,Z,0105818,032143372596/
88,060^032143372596^DEPOSIT 105818,
16,399,5585,Z,2889940,G Dobell 0005456/
88,070^032143371358^DEPOSIT ONLINE 2889940 PYMT CHERYL PRESTON     G Dobell 000,
88,5456,
49,180931879,128/
98,3087894859,14,869/
99,3087894859,1,871/