0                 01WBC       RPRS HEADER DE DEBIT      531932DE          030119                                        
1123-456 12345678 130000010000Symbion                         RPF-001491 VP00040032-000   986590Ramsay Pharmacy 00000000
1123-456 12345678 130000120000Symbion                         RPF-001491 VP00040032-000   986590Ramsay Pharmacy 00000000
1123-456   123456 1300002100003 P PTY LIMITED                 RPF-001491 VP00040033-157   511790Ramsay Pharmacy 00000000
1033-157   511790 500000340000Ramsay Pharmacy Franchisee      RPF-001491        033-157   511790Ramsay Pharmacy 00000000
7999-999            000000000000003400000000340000                        000004                                        
